@article{peng_main_paper,
  title={Real-Time Safe Bipedal Robot Navigation using Linear Discrete Control Barrier Functions},
  author={Chengyang Peng and Victor Paredes and Guillermo A. Castillo and Ayonga Hereid1},
  journal={IEEE International Conference on Robotics and Automation (ICRA)},
  year={2024},
}

@inbook{redundancyResolutionSiciliano,
  author       = {Bruno Siciliano and Lorenzo Sciavicco and Luigi Villani and Giuseppe Oriolo},
  title        = {Inverse Differential Kinematics},
  chapter      = {3.5},
  pages        = {123--128},
  year         = {2009},
  publisher    = {Springer},
  booktitle    = {Robotics Modelling, Planning and Control},
}